%% This BibTeX bibliography file was created using BibDesk.
%% http://bibdesk.sourceforge.net/

%% Created for Andreas Beger at 2018-03-29 15:12:38 +0300 


%% Saved with string encoding Unicode (UTF-8) 

@unpublished{gelman2013garden, 
  title = {{The garden of forking paths}}, 
  author = {Gelman, Andrew and Loken, Eric}, 
  url = {http://www.stat.columbia.edu/\textbackslashtextasciitildegelman/research/unpublished/p\_hacking.pdf}, 
  read = {false}, 
  year = {2013}
}

@article{simonsohn2015specification, 
  title = {{Specification Curve: Descriptive and Inferential Statistics on All Reasonable Specifications}}, 
  author = {Simonsohn, Uri and Simmons, Joseph P and Nelson, Leif D}, 
  journal = {SSRN Electronic Journal}, 
  eissn = {1556-5068}, 
  doi = {10.2139/ssrn.2694998}, 
  year = {2015}, 
  rating = {5}
}

@article{linzer2015global,
	Author = {Linzer, Drew A and Staton, Jeffrey K},
	Date-Added = {2018-03-29 12:12:36 +0000},
	Date-Modified = {2018-03-29 12:12:36 +0000},
	Journal = {Journal of Law and Courts},
	Number = {2},
	Pages = {223--256},
	Publisher = {University of Chicago Press Chicago, IL},
	Title = {A global measure of judicial independence, 1948--2012},
	Volume = {3},
	Year = {2015}}

@misc{PTS2018,
	Author = {Gibney, Mark and Cornett, Linda and Wood, Reed and Haschke, Peter and Arnon, Daniel, and Pisan\`{o}, Attilio, and Barrett, Gray},
	Title = {Political Terror Scale 1976-2018},
	Url = {http://www.politicalterrorscale.org},
	Year = {2019},
	Bdsk-Url-1 = {http://www.politicalterrorscale.org}}

@unpublished{Haschke2011,
	Author = {Haschke, Peter},
	Note = {Paper Presented at the Annual Meeting of the Midwest Political Science Association},
	Title = {Repression or Not: Physical Integrity Rights Violations in Contemporary Democracies},
	Year = {2011}}

@book{Haschke2018,
	Author = {Haschke, Peter},
	Publisher = {Routledge},
	Title = {Human Rights in Democracies},
	Year = {2018}}

@article{Davenport1995,
	Author = {Christian Davenport},
	Journal = AJPS,
	Number = {3},
	Pages = {683-713},
	Title = {Multi-Dimensional Threat Perception and State Repression: An Inquiry Into Why States Apply Negative Sanctions},
	Volume = {39},
	Year = {1995}}

@article{Davenport1996,
	Author = {Christian Davenport},
	Journal = JOP,
	Number = {3},
	Pages = {627-654},
	Title = {`Constitutional Promises' and Repressive Reality: A Cross-National Time-Series Investigation of Why Political and Civil Liberties are Suppressed},
	Volume = {58},
	Year = {1996}}

@book{Davenport2007,
	Author = {Davenport, Christian},
	Publisher = {Cambridge University Press},
	Title = {State Repression and the Domestic Democratic Peace},
	Year = {2007}}

@incollection{Poe2004,
	Author = {Steven C. Poe},
	Booktitle = {Understanding Human Rights Violations: New Systematic Studies},
	Editor = {Sabine C. Carey and Steven C. Poe},
	Publisher = {Ashgate},
	Title = {The Decision to Repress: An Integrative Theoretical Approach to the Research on Human Rights and Repression},
	Year = 2004}

@article{Davenport2007AR,
	Author = {Christian Davenport},
	Journal = {Annual Review of Political Science},
	Pages = {1-27},
	Title = {State Repression and Political Order},
	Volume = {10},
	Year = {2007}}

@unpublished{DavenportMooreArmstrong2007,
	Author = {Christian Davenport and Will H. Moore and David Armstrong},
	Note = {Available at SSRN: http://ssrn.com/abstract=1022367},
	Title = {The Puzzle of Abu Ghraib: Are Democratic Institutions a Palliative or Panacea?},
	Year = {2007}}

@article{Pierskalla2010,
	Author = {Pierskalla, Jan Henryk},
	Journal = {Journal of Conflict Resolution},
	Number = {1},
	Pages = {117--145},
	Publisher = {SAGE Publications},
	Title = {Protest, Deterrence, and Escalation: The Strategic Calculus of Government Repression},
	Volume = {54},
	Year = {2010}}

@article{Ritter2014,
	Author = {Ritter, Emily Hencken},
	Journal = {Journal of Conflict Resolution},
	Number = {1},
	Pages = {143--168},
	Publisher = {SAGE Publications},
	Title = {Policy Disputes, Political Survival, and the Onset and Severity of State Repression},
	Volume = {58},
	Year = {2014}}

@misc{CIRI2014,
	Author = {David L. Cingranelli and David L. Richards and K. Chad Clay},
	Title = {The Cingranelli-Richards (CIRI) Human Rights Dataset},
	Url = {http://www.humanrightsdata.com},
	Year = {2014},
	Bdsk-Url-1 = {http://www.humanrightsdata.com}}

@unpublished{Bisselletal1978,
	Author = {Bissell, Richard and Haignere, Claire and McCamant, John and Piklo, Mark},
	Title = {Varieties of Political Repression},
	Year = {1978}}

@book{Rejali2007,
	Address = {Princeton, New Jersey},
	Author = {Darius Rejali},
	Publisher = {Princeton University Press},
	Title = {Torture and Democracy},
	Year = {2007}}

@article{conrad2013disaggregating,
  title={Disaggregating torture allegations: Introducing the ill-treatment and torture (ITT) country-year data},
  author={Conrad, Courtenay R and Haglund, Jillienne and Moore, Will H},
  journal={International Studies Perspectives},
  volume={14},
  number={2},
  pages={199--220},
  year={2013},
  publisher={Blackwell Publishers, Inc. Boston, USA and Oxford, UK}
}

@article{ConradHaglundMoore2014,
	Author = {Conrad, Courtenay R and Haglund, Jillienne and Moore, Will H},
	Journal = {Journal of Peace Research},
	Number = {3},
	Pages = {429--438},
	Publisher = {SAGE Publications},
	Title = {Torture Allegations as Events Data: Introducing the Ill-Treatment and Torture (ITT) specific allegation data},
	Volume = {51},
	Year = {2014}}

@article{ConradMoore2010,
	Author = {Conrad, Courtenay Ryals and Moore, Will H.},
	Journal = {American Journal of Political Science},
	Number = {2},
	Pages = {459 - 476},
	Title = {What Stops the Torture?},
	Volume = {54},
	Year = {2010}}

@article{HillMooreMukherjee2013,
	Author = {Hill Jr, Daniel W and Moore, Will H and Mukherjee, Bumba},
	Journal = {International Studies Quarterly},
	Number = {2},
	Pages = {219--232},
	Publisher = {Blackwell Publishing Ltd Oxford, UK},
	Title = {Information Politics Versus Organizational Incentives: When Are Amnesty International's ?Naming and Shaming? Reports Biased?},
	Volume = {57},
	Year = {2013}}

@article{ConradHillMoore2018,
  title={Torture and the limits of democratic institutions},
  author={Conrad, Courtenay R and Hill Jr, Daniel W and Moore, Will H},
  journal={Journal of Peace Research},
  volume={55},
  number={1},
  pages={3--17},
  year={2018},
  publisher={SAGE Publications Sage UK: London, England}
}

@article{Walzer1973,
	Author = {Walzer, Michael},
	Journal = {Philosophy \& public affairs},
	Pages = {160--180},
	Publisher = {JSTOR},
	Title = {Political action: The problem of dirty hands},
	Year = {1973}}

@article{Moore2010,
	Author = {Moore, Will H.},
	Journal = {PS: Political Science and Politics},
	Number = {3},
	Organization = {Cambridge Univ Press},
	Pages = {421-424},
	Title = {Incarceration, Interrogation, and Counterterror: Do (Liberal) Democratic Institutions Constrain Leviathan?},
	Volume = {43},
	Year = {2010}}

@book{Przeworski1991,
	Address = {New York},
	Author = {Przeworski, Adam},
	Publisher = {Cambridge University Press},
	Title = {Democracy and the Market: Political and Economic Reforms in Eastern Europe and Latin America},
	Year = {1991}}

@article{Fearon2011,
	Author = {Fearon, James D},
	Journal = {The Quarterly Journal of Economics},
	Number = {4},
	Pages = {1661--1708},
	Publisher = {Oxford University Press},
	Title = {Self-enforcing democracy},
	Volume = {126},
	Year = {2011}}

@article{NorthWeingast1989,
	Author = {North, Douglass C. and Weingast, Barry R.},
	Journal = {The Journal of Economic History},
	Number = {04},
	Pages = {803--832},
	Publisher = {Cambridge University Press},
	Title = {Constitutions and Commitment: the Evolution of Institutions Governing Public Choice in Seventeenth-Century England},
	Volume = {49},
	Year = {1989}}

@article{Weingast1997,
	Author = {Barry Weingast},
	Journal = {American Political Science Review},
	Number = {2},
	Pages = {245-263},
	Title = {The Political Foundations of Democracy and the Rule of Law},
	Volume = {91},
	Year = {1997}}

@book{Vanberg2005,
	Address = {New York},
	Author = {Vanberg, Georg},
	Publisher = {Cambridge University Press},
	Title = {The Politics of Constitutional Review in Germany},
	Year = {2005}}

@book{ElkinsGinsburgMelton2009,
	Author = {Elkins, Zachary and Ginsburg, Tom and Melton, James},
	Publisher = {Cambridge University Press},
	Title = {The Endurance of National Constitutions},
	Year = {2009}}

@article{PowellStaton2009,
	Author = {Emilia J. Powell and Jeffrey K. Staton},
	Journal = {International Studies Quarterly},
	Number = {1},
	Pages = {149 - 174},
	Title = {Domestic Judicial Institutions and Human Rights Treaty Violation},
	Volume = {53},
	Year = {2009}}

@techreport{Melton2013,
	Author = {Melton, James},
	Institution = {Working Paper},
	Title = {Do constitutional rights matter? The relationship between de jure and de facto human rights protection},
	Year = {2013}}

@article{Keith2002PRQ,
	Author = {Linda Camp Keith},
	Journal = {Political Research Quarterly},
	Pages = {111-143},
	Title = {Constitutional Provisions for Individual Human Rights: Are They More Than Mere Window Dressing},
	Volume = 55,
	Year = 2002}

@article{KeithTatePoe2009,
	Author = {Keith, Linda Camp and Tate, C. Neal and Poe, Steve C.},
	Journal = {Journal of Politics},
	Number = 2,
	Pages = {644--660},
	Publisher = {Cambridge Univ Press},
	Title = {Is the Law a Mere Parchment Barrier to Human Rights Abuse?},
	Volume = 71,
	Year = 2009}

@article{Keith2002,
	Author = {Keith, Linda Camp},
	Journal = {Judicature},
	Number = {4},
	Pages = {195--200},
	Title = {Judicial Independence and Human Rights Protection},
	Volume = {85},
	Year = {2002}}

@article{RiosStaton2012,
	Author = {R{\'\i}os-Figueroa, Julio and Staton, Jeffrey K},
	Journal = {Journal of Law, Economics, and Organization},
	Publisher = {Oxford Univ Press},
	Title = {An Evaluation of Cross-National Measures of Judicial Independence},
	Year = 2012}

@article{Cross1999,
	Author = {Frank B. Cross},
	Journal = {International Review of Law and Economics},
	Number = 1,
	Pages = {87-98},
	Title = {The Relevance of Law in Human Rights Protection},
	Volume = 19,
	Year = 1999}

@article{HillJones2014,
	Author = {Hill, Daniel W and Jones, Zachary M},
	Journal = {American Political Science Review},
	Number = {3},
	Pages = {661--687},
	Publisher = {Cambridge University Press},
	Title = {An empirical evaluation of explanations for state repression},
	Volume = {108},
	Year = {2014}}

@article{ConradRitter2013,
	Author = {Conrad, Courtenay R and Ritter, Emily Hencken},
	Journal = {Journal of Politics},
	Number = {2},
	Pages = {397--409},
	Title = {Tenure, Treaties, and Torture: The Conflicting Domestic Effects of International Law},
	Volume = {75},
	Year = {2013}}

@article{Conrad2014,
	Author = {Conrad, Courtenay R},
	Journal = {Journal of Conflict Resolution},
	Number = {1},
	Pages = {34--67},
	Publisher = {SAGE Publications},
	Title = {Divergent Incentives for Dictators Domestic Institutions and (International Promises Not to) Torture},
	Volume = {58},
	Year = {2014}}

@article{Mitchell2013,
	Author = {Mitchell, Sara McLaughlin and Ring, Jonathan J. and Spellman, Mary K.},
	Journal = {Journal of Peace Research},
	Number = 2,
	Pages = {189--202},
	Publisher = {SAGE Publications},
	Title = {Domestic Legal Traditions and States' Human Rights Practices},
	Volume = 50,
	Year = 2013}

@article{PoeTate1994,
	Author = {Steven Poe and C. Neal Tate},
	Journal = APSR,
	Pages = {853-872},
	Title = {Repression of Personal Integrity Rights in the 1980's: A Global Analysis},
	Volume = 88,
	Year = 1994}

@article{Poeetal1999,
	Author = {Steven Poe and C. Neal Tate and Linda Camp Keith},
	Journal = ISQ,
	Pages = {291-313},
	Title = {Repression of the Human Right to Personal Integrity Revisited: A Global, Cross-National Study Covering the Years 1976-1993},
	Volume = 43,
	Year = 1999}

@article{BDMetal2005,
	Author = {Bueno de Mesquita, Bruce and George W. Downs and Alastair Smith and Feryal Marie Cherif},
	Journal = {International Studies Quarterly},
	Pages = {439-457},
	Title = {Thinking Inside the Box: A Closer Look at Democracy and Human Rights},
	Volume = 49,
	Year = 2005}

@book{Tilly1978,
	Address = {Massachusetts},
	Author = {Charles Tilly},
	Publisher = {Addison-Wesley},
	Title = {From Mobilization to Revolution},
	Year = {1978}}

@book{Goldstein1978,
	Author = {Goldstein, Robert Justin},
	Publisher = {GK Hall \& Company},
	Title = {Political repression in modern America from 1870 to the present},
	Year = {1978}}

@book{StohlLopez1984,
	Address = {Connecticut},
	Author = {Stohl, Michael and Lopez, George A},
	Publisher = {Greenwood Press},
	Title = {The State as Terrorist: the Dynamics of Governmental Violence and Repression},
	Year = {1984}}

@article{gleditsch:ward:1999,
	Author = {Gleditsch, Kristian S and Ward, Michael D},
	Journal = {International Interactions},
	Number = {4},
	Pages = {393--413},
	Title = {Interstate system membership: A revised list of the independent states since 1816},
	Volume = {25},
	Year = {1999}}
	
@article{cheibub2010democracy,
  title={Democracy and dictatorship revisited},
  author={Cheibub, Jos{\'e} Antonio and Gandhi, Jennifer and Vreeland, James Raymond},
  journal={Public choice},
  volume={143},
  number={1-2},
  pages={67--101},
  year={2010},
  publisher={Springer}
}	

@ARTICLE{Henderson1991,
  author =	 {Conway Henderson},
  title =	 {Conditions Affecting the Use of Political
                  Repression},
  journal =	 JCR,
  year =	 1991,
  volume =	 35,
  pages =	 {120-142}
}

@article{Davenport1999,
  title =	 {Human Rights and the Democratic Proposition},
  author =	 {Davenport, Christian},
  journal =	 {Journal of Conflict Resolution},
  volume =	 43,
  number =	 1,
  pages =	 {92--116},
  year =	 1999,
  publisher =	 {Sage Publications}
}

@ARTICLE{DavenportArmstrong2004,
  author =	 {Christian Davenport and David Armstrong},
  title =	 {Democracy and the Violation of Human Rights: A
                  Statistical Analysis from 1976-1996},
  journal =	 {American Journal of Political Science},
  year =	 2004,
  volume =	 48,
  pages =	 {538-554},
  number =	 3
}

@article{JacksonHillHall2018,
  title={Democracy and police violence},
  author={Jackson, Joshua L and Hall, Shelby L and Hill Jr, Daniel W},
  journal={Research \& Politics},
  volume={5},
  number={1},
  year={2018},
  publisher={SAGE Publications Sage UK: London, England}
}

@article{RitterConrad2016,
  title={Preventing and responding to dissent: The observational challenges of explaining strategic repression},
  author={Ritter, Emily Hencken and Conrad, Courtenay R},
  journal={American Political Science Review},
  volume={110},
  number={1},
  pages={85--99},
  year={2016},
  publisher={Cambridge University Press}
}

@BOOK{Dahl1971,
  title = {Polyarchy: Participation and Opposition},
  publisher = {Yale University Press},
  year = {1971},
  author = {Robert Dahl},
  address = {New Haven}
}

@book{cederman2013inequality,
  title={Inequality, grievances, and civil war},
  author={Cederman, Lars-Erik and Gleditsch, Kristian Skrede and Buhaug, Halvard},
  year={2013},
  publisher={Cambridge University Press}
}

@book{birnir2006ethnicity,
  title={Ethnicity and electoral politics},
  author={Birnir, J{\'o}hanna Krist{\'\i}n},
  year={2006},
  publisher={Cambridge University Press}
}

@book{sidanius2001social,
  title={Social dominance: An intergroup theory of social hierarchy and oppression},
  author={Sidanius, Jim and Pratto, Felicia},
  year={2001},
  publisher={Cambridge University Press}
}

@article{Hill2016,
  title={Democracy and the Concept of Personal Integrity Rights},
  author={Hill Jr, Daniel W},
  journal={The Journal of Politics},
  volume={78},
  number={3},
  pages={822--835},
  year={2016},
  publisher={University of Chicago Press Chicago, IL}
}

@UNPUBLISHED{VDem,
  author={Coppedge, Michael and John Gerring and Staffan I. Lindberg and Svend-Erik Skaaning and Jan Teorell and David Altman and Michael Bernhard and M. Steven Fish and Adam Glynn and Allen Hicken and Carl Henrik Knutsen and Kyle L. Marquardt and Kelly McMann and Valeriya Mechkova and Pamela Paxton and Daniel Pemstein and Laura Saxer and Brigitte Seim and Rachel Sigman and Jeffrey Staton},
  title={Varieties of Democracy Codebook v7},
  note={Varieties of Democracy (V-Dem) Project},
  year={2017}
}

@misc{CCP2014,
  title =	 {Characteristics of National Constitutions, Version
                  2.0.},
  author =	 {Elkins, Zachary and Ginsburg, Tom and Melton, James},
  year =	 2014,
  url =
                  {http://comparativeconstitutionsproject.org/}
}

@article{vogt2015integrating,
  title={Integrating data on ethnicity, geography, and conflict: The ethnic power relations data set family},
  author={Vogt, Manuel and Bormann, Nils-Christian and R{\"u}egger, Seraina and Cederman, Lars-Erik and Hunziker, Philipp and Girardin, Luc},
  journal={Journal of Conflict Resolution},
  volume={59},
  number={7},
  pages={1327--1342},
  year={2015},
  publisher={SAGE Publications Sage CA: Los Angeles, CA}
}

@unpublished{ITTsaguide,
  title={The Ill-Treatment and Torture (ITT) Data Collection Project Specific Allegation Data User's Guide},
  author={Conrad, Courtenay R and Will H Moore},
  year={2011},
  note={Version 2.1},
  url={http://faculty.ucmerced.edu/cconrad2/Academic/Data\_files/SAUserGuide28Nov11.pdf}
}

@article{Themner2014,
  title={Armed Conflicts, 1946--2013},
  author={Themn{\'e}r, Lotta and Wallensteen, Peter},
  journal={Journal of Peace Research},
  volume={51},
  number={4},
  pages={541--554},
  year={2014},
  publisher={SAGE Publications}
}

@article{ward2010perils,
  title={The perils of policy by p-value: Predicting civil conflicts},
  author={Ward, Michael D and Greenhill, Brian D and Bakke, Kristin M},
  journal={Journal of peace research},
  volume={47},
  number={4},
  pages={363--375},
  year={2010},
  publisher={Sage Publications Sage UK: London, England}
}
